<record><leader>00000cas a22000007a 4500</leader><controlfield tag="001">10768102</controlfield><controlfield tag="008">840523d18881892nyuwr ne      0    0eng d</controlfield><controlfield tag="009">148</controlfield><datafield ind1=" " ind2=" " tag="010"><subfield code="a">sn 84031265 </subfield></datafield><datafield ind1=" " ind2=" " tag="040"><subfield code="a">NYG</subfield><subfield code="b">eng</subfield><subfield code="c">NYG</subfield><subfield code="d">NYS</subfield><subfield code="d">OCLCQ</subfield></datafield><datafield ind1=" " ind2=" " tag="042"><subfield code="a">msc</subfield></datafield><datafield ind1="0" ind2=" " tag="130"><subfield code="a">Enterprise (Altamont, N.Y.)</subfield></datafield><datafield ind1="0" ind2="4" tag="245"><subfield code="a">The Enterprise.</subfield></datafield><datafield ind1=" " ind2=" " tag="260"><subfield code="a">Altamont, N.Y. :</subfield><subfield code="b">Enterprise Co.,</subfield><subfield code="c">1888-1892.</subfield></datafield><datafield ind1=" " ind2=" " tag="300"><subfield code="a">4 v.</subfield></datafield><datafield ind1=" " ind2=" " tag="310"><subfield code="a">Weekly</subfield></datafield><datafield ind1="0" ind2=" " tag="362"><subfield code="a">Vol. 5, no. 1 (July 21, 1888)-v. 8, no. 52 (July 9, 1892) = Whole no. 209-416.</subfield></datafield><datafield ind1=" " ind2=" " tag="500"><subfield code="a">"Devoted to vicinity interests and the gathering of local news."</subfield></datafield><datafield ind1=" " ind2=" " tag="500"><subfield code="a">Published on Saturdays.</subfield></datafield><datafield ind1=" " ind2="4" tag="651"><subfield code="a">Altamont (N.Y.)</subfield><subfield code="v">Newspapers.</subfield></datafield><datafield ind1=" " ind2=" " tag="752"><subfield code="a">United States</subfield><subfield code="b">New York</subfield><subfield code="c">Albany</subfield><subfield code="d">Altamont.</subfield></datafield><datafield ind1="0" ind2="0" tag="780"><subfield code="t">Knowersville enterprise</subfield><subfield code="w">(DLC)sn 84031264</subfield></datafield><datafield ind1="0" ind2="0" tag="785"><subfield code="t">Altamont enterprise (Altamont, N.Y.)</subfield><subfield code="w">(DLC)sn 84031266</subfield></datafield></record>